@article{kerbl3Dgaussians,
      author       = {Kerbl, Bernhard and Kopanas, Georgios and Leimk{\"u}hler, Thomas and Drettakis, George},
      title        = {3D Gaussian Splatting for Real-Time Radiance Field Rendering},
      journal      = {ACM Transactions on Graphics},
      number       = {4},
      volume       = {42},
      month        = {July},
      year         = {2023},
      url          = {https://repo-sam.inria.fr/fungraph/3d-gaussian-splatting/}
}

@misc{ye2023mathematical,
    title={Mathematical Supplement for the $\texttt{gsplat}$ Library}, 
    author={Vickie Ye and Angjoo Kanazawa},
    year={2023},
    eprint={2312.02121},
    archivePrefix={arXiv},
    primaryClass={cs.MS},
    url={https://docs.gsplat.studio/main/},
}