@inproceedings{taming20243dgs,
    author={Saswat Subhajyoti Mallick and Rahul Goel and Bernhard Kerbl and Francisco Vicente Carrasco and Markus Steinberger and Fernando De La Torre},
    title={Taming 3DGS: High-Quality Radiance Fields with Limited Resources},
    booktitle = {SIGGRAPH Asia 2024 Conference Papers},
    year={2024},
    doi = {10.1145/3680528.3687694},
    url = {https://humansensinglab.github.io/taming-3dgs/},
    shortname = {Taming3DGS}
}

@InProceedings{kim2024CVPR, 
      author = {Kim, Sieun and Lee, Kyungjin and Lee, Youngki}, 
      title = {Color-cued Efficient Densification Method for 3D Gaussian Splatting}, 
      booktitle = {Proceedings of the IEEE/CVF Conference on Computer Vision and Pattern Recognition (CVPR) Workshops}, 
      month = {June}, 
      year = {2024}, 
      pages = {775-783},
      url={https://openaccess.thecvf.com/content/CVPR2024W/3DMV/html/Kim_Color-cued_Efficient_Densification_Method_for_3D_Gaussian_Splatting_CVPRW_2024_paper.html},
      shortname = {Color-cued GS}
}
@misc{fang2024minisplatting,
      title={Mini-Splatting: Representing Scenes with a Constrained Number of Gaussians}, 
      author={Guangchi Fang and Bing Wang},
      year={2024},
      eprint={2403.14166},
      archivePrefix={arXiv},
      primaryClass={cs.CV},
      url={https://arxiv.org/abs/2403.14166}, 
      shortname = {Mini-Splatting}
}
@misc{cheng2024gaussianpro,
      title={GaussianPro: 3D Gaussian Splatting with Progressive Propagation}, 
      author={Kai Cheng and Xiaoxiao Long and Kaizhi Yang and Yao Yao and Wei Yin and Yuexin Ma and Wenping Wang and Xuejin Chen},
      year={2024},
      eprint={2402.14650},
      archivePrefix={arXiv},
      primaryClass={cs.CV},
      url={https://kcheng1021.github.io/gaussianpro.github.io/}, 
      shortname = {GaussianPro}
}
@misc{zhang2024fregs,
      title={FreGS: 3D Gaussian Splatting with Progressive Frequency Regularization}, 
      author={Jiahui Zhang and Fangneng Zhan and Muyu Xu and Shijian Lu and Eric Xing},
      year={2024},
      eprint={2403.06908},
      archivePrefix={arXiv},
      primaryClass={cs.CV},
      url={https://arxiv.org/abs/2403.06908}, 
      shortname = {FreGS}
}
@misc{jung2024relaxing,
      title={Relaxing Accurate Initialization Constraint for 3D Gaussian Splatting}, 
      author={Jaewoo Jung and Jisang Han and Honggyu An and Jiwon Kang and Seonghoon Park and Seungryong Kim},
      year={2024},
      eprint={2403.09413},
      archivePrefix={arXiv},
      primaryClass={cs.CV},
      url={https://arxiv.org/abs/2403.09413}, 
      shortname = {RAIN-GS}
}
@misc{yang2024spectrally,
      title={Spectrally Pruned Gaussian Fields with Neural Compensation}, 
      author={Runyi Yang and Zhenxin Zhu and Zhou Jiang and Baijun Ye and Xiaoxue Chen and Yifei Zhang and Yuantao Chen and Jian Zhao and Hao Zhao},
      year={2024},
      eprint={2405.00676},
      archivePrefix={arXiv},
      primaryClass={cs.CV},
      url={https://arxiv.org/abs/2405.00676}, 
      shortname = {SUNDAE}
}
@misc{li2024mvgsplatting,
      title={MVG-Splatting: Multi-View Guided Gaussian Splatting with Adaptive Quantile-Based Geometric Consistency Densification}, 
      author={Zhuoxiao Li and Shanliang Yao and Yijie Chu and Angel F. Garcia-Fernandez and Yong Yue and Eng Gee Lim and Xiaohui Zhu},
      year={2024},
      eprint={2407.11840},
      archivePrefix={arXiv},
      primaryClass={cs.CV},
      url={https://arxiv.org/abs/2407.11840}, 
      shortname = {MVG-Splatting}
}
@misc{liu2024atomgs,
      title={AtomGS: Atomizing Gaussian Splatting for High-Fidelity Radiance Field}, 
      author={Rong Liu and Rui Xu and Yue Hu and Meida Chen and Andrew Feng},
      year={2024},
      eprint={2405.12369},
      archivePrefix={arXiv},
      primaryClass={cs.CV},
      url={https://rongliu-leo.github.io/AtomGS/}, 
      shortname = {AtomGS}
}
@misc{zhang2024pixelgs,
      title={Pixel-GS: Density Control with Pixel-aware Gradient for 3D Gaussian Splatting}, 
      author={Zheng Zhang and Wenbo Hu and Yixing Lao and Tong He and Hengshuang Zhao},
      year={2024},
      eprint={2403.15530},
      archivePrefix={arXiv},
      primaryClass={cs.CV},
      url={https://arxiv.org/abs/2403.15530}, 
      shortname = {Pixel-GS}
}
@misc{yan2024multiscale,
      title={Multi-Scale 3D Gaussian Splatting for Anti-Aliased Rendering}, 
      author={Zhiwen Yan and Weng Fei Low and Yu Chen and Gim Hee Lee},
      year={2024},
      eprint={2311.17089},
      archivePrefix={arXiv},
      primaryClass={cs.CV},
      url={https://arxiv.org/abs/2311.17089}, 
      shortname = {Multi-Scale GS}
}
@misc{feng2024flashgs,
      title={FlashGS: Efficient 3D Gaussian Splatting for Large-scale and High-resolution Rendering}, 
      author={Guofeng Feng and Siyan Chen and Rong Fu and Zimu Liao and Yi Wang and Tao Liu and Zhilin Pei and Hengjie Li and Xingcheng Zhang and Bo Dai},
      year={2024},
      eprint={2408.07967},
      archivePrefix={arXiv},
      primaryClass={cs.CV},
      url={https://arxiv.org/abs/2408.07967}, 
      shortname = {FlashGS}
}
@misc{seo2024flod,
      title={FLoD: Integrating Flexible Level of Detail into 3D Gaussian Splatting for Customizable Rendering}, 
      author={Yunji Seo and Young Sun Choi and Hyun Seung Son and Youngjung Uh},
      year={2024},
      eprint={2408.12894},
      archivePrefix={arXiv},
      primaryClass={cs.CV},
      url={https://arxiv.org/abs/2408.12894}, 
      shortname = {FLoD}
}
@misc{ren2024octreegs,
      title={Octree-GS: Towards Consistent Real-time Rendering with LOD-Structured 3D Gaussians}, 
      author={Kerui Ren and Lihan Jiang and Tao Lu and Mulin Yu and Linning Xu and Zhangkai Ni and Bo Dai},
      year={2024},
      eprint={2403.17898},
      archivePrefix={arXiv},
      primaryClass={cs.CV},
      url={https://arxiv.org/abs/2403.17898}, 
      shortname = {Octree-GS}
}
@misc{zhang2024gaussianspa,
      title={GaussianSpa: An "Optimizing-Sparsifying" Simplification Framework for Compact and High-Quality 3D Gaussian Splatting}, 
      author={Yangming Zhang and Wenqi Jia and Wei Niu and Miao Yin},
      year={2024},
      eprint={2411.06019},
      archivePrefix={arXiv},
      primaryClass={cs.CV},
      url={https://arxiv.org/abs/2411.06019}, 
      shortname={GaussianSpa},
}
