% NeRF paper
@inproceedings{mildenhall2020nerf, 
 title={NeRF: Representing Scenes as Neural Radiance Fields for View Synthesis},
 author={Ben Mildenhall and Pratul P. Srinivasan and Matthew Tancik and Jonathan T. Barron and Ravi Ramamoorthi and Ren Ng},
 year={2020},
 booktitle={ECCV},
}
% NeRF compression papers
@inproceedings{li2023compressing,
  title={Compressing volumetric radiance fields to 1 mb},
  author={Li, Lingzhi and Shen, Zhen and Wang, Zhongshu and Shen, Li and Bo, Liefeng},
  booktitle={Proceedings of the IEEE/CVF Conference on Computer Vision and Pattern Recognition},
  pages={4222--4231},
  year={2023}
}
@inproceedings{chen2024far,
  title={How Far Can We Compress Instant-NGP-Based NeRF?},
  author={Chen, Yihang and Wu, Qianyi and Harandi, Mehrtash and Cai, Jianfei},
  booktitle={Proceedings of the IEEE/CVF Conference on Computer Vision and Pattern Recognition},
  pages={20321--20330},
  year={2024}
}
% general overview over 3DGS methods
@article{wu2024recent,
  title={Recent advances in 3d gaussian splatting},
  author={Wu, Tong and Yuan, Yu-Jie and Zhang, Ling-Xiao and Yang, Jie and Cao, Yan-Pei and Yan, Ling-Qi and Gao, Lin},
  journal={Computational Visual Media},
  pages={1--30},
  year={2024},
  publisher={Springer}
}
@article{fei20243d,
  title={3d gaussian splatting as new era: A survey},
  author={Fei, Ben and Xu, Jingyi and Zhang, Rui and Zhou, Qingyuan and Yang, Weidong and He, Ying},
  journal={IEEE Transactions on Visualization and Computer Graphics},
  year={2024},
  publisher={IEEE}
}
% is this already published in IEEE?
@misc{chen2024survey3dgaussiansplatting, 
      title={A Survey on 3D Gaussian Splatting}, 
      author={Guikun Chen and Wenguan Wang},
      year={2024},
      eprint={2401.03890},
      archivePrefix={arXiv},
      primaryClass={cs.CV},
      url={https://arxiv.org/abs/2401.03890}, 
}